<?xml version="1.0" encoding="UTF-8"?><record xmlns="http://www.loc.gov/MARC21/slim" xmlns:cinclude="http://apache.org/cocoon/include/1.0" xmlns:zs="http://www.loc.gov/zing/srw/">
  <leader>00986cz  a2200217n  4500</leader>
  <controlfield tag="001">no2003100959</controlfield>
  <controlfield tag="003">DLC</controlfield>
  <controlfield tag="005">20080828081214.0</controlfield>
  <controlfield tag="008">031008n| acannaabn          |b aaa      </controlfield>
  <datafield tag="010" ind1=" " ind2=" ">
    <subfield code="a">no2003100959</subfield>
  </datafield>
  <datafield tag="035" ind1=" " ind2=" ">
    <subfield code="a">(OCoLC)oca06171977</subfield>
  </datafield>
  <datafield tag="040" ind1=" " ind2=" ">
    <subfield code="a">DLC-OP</subfield>
    <subfield code="b">eng</subfield>
    <subfield code="c">DLC-OP</subfield>
    <subfield code="d">DLC</subfield>
    <subfield code="d">OCoLC</subfield>
  </datafield>
  <datafield tag="100" ind1="1" ind2=" ">
    <subfield code="a">Muṣallāʼī, ʻAlī Riz̤ā</subfield>
  </datafield>
  <datafield tag="400" ind1="1" ind2=" ">
    <subfield code="a">Muṣallāyī, ʻAlī Riz̤ā</subfield>
  </datafield>
  <datafield tag="400" ind1="1" ind2=" ">
    <subfield code="a">Muṣallāḥī, ʻAlī Riz̤ā</subfield>
  </datafield>
  <datafield tag="400" ind1="1" ind2=" ">
    <subfield code="a">مصلائى، عليرضا</subfield>
  </datafield>
  <datafield tag="400" ind1="1" ind2=" ">
    <subfield code="a">مصلائي، على رضا</subfield>
  </datafield>
  <datafield tag="667" ind1=" " ind2=" ">
    <subfield code="a">Machine-derived non-Latin script reference project.</subfield>
  </datafield>
  <datafield tag="667" ind1=" " ind2=" ">
    <subfield code="a">Non-Latin script references not evaluated.</subfield>
  </datafield>
  <datafield tag="670" ind1=" " ind2=" ">
    <subfield code="a">Tafāsīr-i qaz̤āʼī-i Dīvān-i ʻĀlī-i Kishvar, 2002:</subfield>
    <subfield code="b">t.p. (ʻAlī Riz̤ā Muṣallāʼī) Iran CIP data (ʻAlī Riz̤ā Muṣallāyī)</subfield>
  </datafield>
  <datafield tag="670" ind1=" " ind2=" ">
    <subfield code="a">Qānūn-i Mujāzāt-i Islāmī dar Dīvān-i ʻĀlī-i Kishvar, 2000:</subfield>
    <subfield code="b">t.p. (ʻAlī Riz̤ā Muṣallāḥī) p. 6 (ʻAlī Riz̤ā Muṣallāʼī)</subfield>
  </datafield>
</record>